{1:F01AAALSARIAXXX9999999999}{2:I202GULFBHBMXXXXN}{4:
:20:GL130328011
:25:RYD000018SAR21100
:28C:00074/0000
:60F:C130327SAR4092580,9
:61:1303280328DR3750250,00S202DL422989002//P1303280010OP0
CRLYGB2
:86:P1303280010OP0
/SA5655000000000570400546 CRLYGB2L
XX CREDIT AGRICOLE CI
:61:1303280328DR5000069,44FMSCGULFBM0025GULFRI//D92828
GIB BAH                 BAHRAI
:61:1303280328DR13925622,23S202IMP-008984-13BAH//P1303280009OP0
SAMBSAR
:86:P1303280009OP0
SAMBSARIXXX SAMBA FINANCIAL GROUP/
G PROCEEDS OF DOCS
:61:1303280328DR30000000,00S103FT1303270014OP08//P1303280012OP0
SAUDI BINLADIN GROU
:86:P1303280012OP0
/SA7145000000021517776012 SAUDI BI
LADIN GROU
:61:1303280328DR88900000,00S202DL422990002//P1303280011OP0
SCBLAEADDI
:86:P1303280011OP0
/SA6810000088321000000309 SCBLAEAD
IF STANDARD CHARTERED BAN
:61:1303280328DR225018000,00S202DL422301002//P1303280008OP0
SCBLAEADDI
:86:P1303280008OP0
/SA6810000088321000000309 SCBLAEAD
IF STANDARD CHARTERED BAN
:61:1303280328CR146250000,00NMSC1783792//P1303280020IN0
AAALSARIXX
:86:P1303280020IN0
AAALSARIXXX SAUDI HOLLANDI BANK
:61:1303280328CR228750000,00NMSCFX1130865080//P1303280014IN0
DEFERRED A/C DR SAM
:86:P1303280014IN0
DEFERRED A/C DR SAMA/CVR FX DEAL F
113086508
:62F:C130328SAR12498639,2
:64:C130328SAR12498639,2
-}
