{1:F01AAALSARIAXXX.SN...ISN.}{2:I940SCBLGB20XWEBN}{3:{108:xxxxx}}{4:
:20:20150228-407
:25:031001548008
:28C:407/1
:60F:C150227SAR4056720,50
:61:1503010228D30017,00FTRFPHAE010760067211//FT15059202320276
SARIE Outgoing Payment
:86:PHAE010760067211 SCRAMBLED DATA SOFITEL HOTEL AL KHOBAR
P O BOX 70300 SOUTH CORNICHE ROA
D AL KHOBAR 31952 SAUDI ARABIA
SAUDI ARABIA 4253 4248 4309 4269 4497 4408 44278
4313 4324 4325 4443 4297 4467 447
:61:1503010228D300173,00FTRFPHAE010760067212//FT15059202352009
SWIFT INCOMING PAYMENT (DR)
:86:PHAE010760067212 /3202389587401 INVOICE SETTLEMENT
:62F:C150228SAR3726530,50
:64:C150228SAR3726530,50
-}
